<record><leader>03868cam a2200409 i 45 0</leader><controlfield tag="001">6804833</controlfield><controlfield tag="003">OCoLC</controlfield><controlfield tag="005">20150213113807.0</controlfield><controlfield tag="008">140714t20152015fluaf    b    001 0 eng  </controlfield><datafield ind1=" " ind2=" " tag="010"><subfield code="a">  2014025999</subfield></datafield><datafield ind1=" " ind2=" " tag="015"><subfield code="a">GBB4A2191</subfield><subfield code="2">bnb</subfield></datafield><datafield ind1=" " ind2=" " tag="015"><subfield code="a">GBB4A2922</subfield><subfield code="2">bnb</subfield></datafield><datafield ind1="7" ind2=" " tag="016"><subfield code="a">016873076</subfield><subfield code="2">Uk</subfield></datafield><datafield ind1="7" ind2=" " tag="016"><subfield code="a">016873807</subfield><subfield code="2">Uk</subfield></datafield><datafield ind1=" " ind2=" " tag="020"><subfield code="a">9781482209600</subfield><subfield code="q">hardcover : alk. paper</subfield></datafield><datafield ind1=" " ind2=" " tag="020"><subfield code="a">1482209608</subfield><subfield code="q">hardcover : alk. paper</subfield></datafield><datafield ind1=" " ind2=" " tag="035"><subfield code="a">ocn884630992</subfield></datafield><datafield ind1=" " ind2=" " tag="040"><subfield code="a">DNAL/DLC</subfield><subfield code="b">eng</subfield><subfield code="e">rda</subfield><subfield code="c">STF</subfield><subfield code="d">AGL</subfield><subfield code="d">DLC</subfield><subfield code="d">CRCPR</subfield><subfield code="d">YDXCP</subfield><subfield code="d">BTCTA</subfield><subfield code="d">BDX</subfield><subfield code="d">UKMGB</subfield><subfield code="d">AEGMCT</subfield></datafield><datafield ind1=" " ind2=" " tag="042"><subfield code="a">pcc</subfield></datafield><datafield ind1="0" ind2="0" tag="050"><subfield code="a">QK603</subfield><subfield code="b">.F96 2015</subfield></datafield><datafield ind1="0" ind2=" " tag="070"><subfield code="a">QK603</subfield><subfield code="b">.F84 2015</subfield></datafield><datafield ind1="0" ind2="0" tag="082"><subfield code="a">579.5</subfield><subfield code="2">23</subfield></datafield><datafield ind1=" " ind2=" " tag="090"><subfield code="a">QK603 .F96 2015</subfield><subfield code="b">AEGMCT</subfield></datafield><datafield ind1="0" ind2="0" tag="245"><subfield code="a">Fungi from different substrates /</subfield><subfield code="c">editors: J.K. Misra (SLM Bharatiya Vidya Bhavan Girls Degree College ; Vineet Khand, Gomti Nagar ; Lucknow, India), J.P. Tewari (Department of Agricultural, Food, and Nutritional Science ; University of Alberta ; Alberta, Canada and Lung, Allergy, Sleep Centers of America ; 224 W. Exchange Street, Ste. 380 ; Akron, Ohio 44302, U.S.A.), S.K. Deshmukh (Piramal Enterprises Limited ; Department of Natural Products ; Goregaon (East), Mumbai, India), Csaba V&#225;gv&#246;lgyi (Department of Microbiology ; Faculty of Science and Informatics ; University of Szeged ; Szeged, Hungary).</subfield></datafield><datafield ind1=" " ind2="1" tag="264"><subfield code="a">Boca Raton, FL :</subfield><subfield code="b">CRC Press, Taylor &amp; Francis Group,</subfield><subfield code="c">[2015]</subfield></datafield><datafield ind1=" " ind2="4" tag="264"><subfield code="c">&#169;2015</subfield></datafield><datafield ind1=" " ind2=" " tag="300"><subfield code="a">viii, 478 pages, 16 unnumbered pages of plates :</subfield><subfield code="b">illustrations ;</subfield><subfield code="c">24 cm</subfield></datafield><datafield ind1=" " ind2=" " tag="336"><subfield code="a">text</subfield><subfield code="b">txt</subfield><subfield code="2">rdacontent</subfield></datafield><datafield ind1=" " ind2=" " tag="337"><subfield code="a">unmediated</subfield><subfield code="b">n</subfield><subfield code="2">rdamedia</subfield></datafield><datafield ind1=" " ind2=" " tag="338"><subfield code="a">volume</subfield><subfield code="b">nc</subfield><subfield code="2">rdacarrier</subfield></datafield><datafield ind1=" " ind2=" " tag="504"><subfield code="a">Includes bibliographical references and index.</subfield></datafield><datafield ind1="0" ind2=" " tag="505"><subfield code="a">1. Fungal genera from fossilized-leaf surfaces / S.K.M. Tripathi -- 2. Wood-inhabiting fungi / Ivan V. Zmitrovich, Solomon P. Wasser and Daniel &#354;ura -- 3. Aquatic hyphomycetes from leaf litter in Brazilian urban waters / Iracema Helena Schoenlein-Crusius, Carolina Gasch Moreira and Elaine Malosso -- 4. Fungi from substrates in marine environment / Zhu-Hua Luo and Ka-Lai Pang -- 5. Diversity of micro-fungi in streams receiving coal mine drainage from Jaintia Hills, Meghalaya, a North Eastern state of India / Ibandarisuk Lyngdoh and Highland Kayang -- 6. Distribution of myxomycetes among the microhabitats available for these organisms in tropical forests / Carlos Rojas, Adam W. Rollins and Steven L. Stephenson -- 7. Microfungi from deteriorated materials of cultural heritage / Filomena De Leo and Clara Urz&#236; -- 8. Fungi in and on dairy products / Judit Krisch, J&#243;zsef Csan&#225;di and Csaba V&#225;gv&#246;lgyi -- 9. Coprophilous fungi : a review and selected bibliography / J.K. Misra, Shubha Pandey, Awanish Kumar Gupta and Sunil K. Deshmukh -- 10. Ubiquitous occurrence of thermophilic molds in various substrates / Bijender Singh and T. Satyanarayana -- 11. Rusts fungi of wheat / Huerta-Espino J., R.P. Singh and Alan P. Roelfs -- 12. Current research on fungal pathogens associated with rice / Hoai Xuan Truong and Evelyn B. Gergon -- 13. Fungi and fungi-like organisms associated with brassicas, with special reference to those causing decomposition of its debris / Jalpa P. Tewari -- 14. Fungi associated with soybean [Glycine max (L.) Merrill] diseases / S.K. Sharma and S.K. Srivastava -- 15. Ecology of endemic dimorphic pathogenic fungi / Harish C. Gugnani -- 16. Mycoses caused by dematiaceous fungi with special reference to the recent fungal meningitis epidemic caused by Exserohilum rostratum / Jalpa P. Tewari and Sanjiv Tewari -- 17. Fungi associated with animal diseases in India / Rishendra Verma, Abhishek and Harshit Verma.</subfield></datafield><datafield ind1=" " ind2=" " tag="596"><subfield code="a">29</subfield></datafield><datafield ind1=" " ind2="0" tag="650"><subfield code="a">Fungi.</subfield></datafield><datafield ind1=" " ind2="0" tag="650"><subfield code="a">Plant growing media.</subfield></datafield><datafield ind1="1" ind2=" " tag="700"><subfield code="a">Misra, J. K.,</subfield><subfield code="e">editor.</subfield></datafield><datafield ind1=" " ind2=" " tag="926"><subfield code="a">QK603 .F96 2015</subfield><subfield code="w">LC</subfield><subfield code="c">1</subfield><subfield code="i">1007433459</subfield><subfield code="d">2/29/2016</subfield><subfield code="l">ON_SHELF</subfield><subfield code="m">GR_MACEWAN</subfield><subfield code="p">$158.92</subfield><subfield code="q">1</subfield><subfield code="r">Y</subfield><subfield code="s">Y</subfield><subfield code="t">BOOK</subfield><subfield code="u">2/13/2015</subfield></datafield></record>